@article{Giraud00,
  title={Modeling  $\delta$15N evolution: First palaeoceanographic applications in a coastal upwelling system},
  author={Giraud, Xavier and Bertrand, Philippe and Dadou, Isabelle and others},
  journal={Journal of marine research},
  volume={58},
  number={4},
  pages={609--630},
  year={2000},
  publisher={Sears Foundation for Marine Research}
}

@article{Keller12,
  title={A new marine ecosystem model for the University of Victoria Earth System Climate Model},
  author={Keller, David and Oschlies, Andreas and Eby, M},
  journal={Geoscientific Model Development},
  volume={5},
  pages={1195--1220},
  year={2012},
  publisher={Copernicus Publications (EGU)}
}

@article{Key04,
author = {Key, R. M. and Kozyr, A. and Sabine, C. L. and Lee, K. and Wanninkhof, R. and Bullister, J. L. and Feely, R. A. and Millero, F. J. and Mordy, C. and Peng, T. H.},
doi = {10.1029/2004GB002247},
issn = {08866236},
journal = {Global Biogeochemical Cycles},
keywords = {Carbon,Distribution,Inventory},
month = {dec},
number = {4},
pages = {1--23},
publisher = {John Wiley {\&} Sons, Ltd},
title = {{A global ocean carbon climatology: Results from Global Data Analysis Project (GLODAP)}},
url = {https://agupubs.onlinelibrary.wiley.com/doi/full/10.1029/2004GB002247 https://agupubs.onlinelibrary.wiley.com/doi/abs/10.1029/2004GB002247 https://agupubs.onlinelibrary.wiley.com/doi/10.1029/2004GB002247},
volume = {18},
year = {2004}
}

@article{Khatiwala19,
  title={Air-sea disequilibrium enhances ocean carbon storage during glacial periods},
  author={Khatiwala, Samar and Schmittner, A and Muglia, Juan},
  journal={Science advances},
  volume={5},
  number={6},
  pages={eaaw4981},
  year={2019},
  publisher={American Association for the Advancement of Science}
}

@article{Kriest15,
  title={MOPS-1.0: modelling the regulation of the global oceanic nitrogen budget by marine biogeochemical processes},
  author={Kriest, Iris and Oschlies, Andreas},
  journal={Geoscientific Model Development},
  volume={8},
  pages={2929--2957},
  year={2015},
  publisher={Copernicus Publications (EGU)}
}

@article{Kriest20,
author = {Kriest, Iris and K{\"{a}}hler, Paul and Koeve, Wolfgang and Kvale, Karin F. and Sauerland, Volkmar and Oschlies, Andreas},
doi = {10.5194/bg-17-3057-2020},
file = {:Users/tatsuro80/Documents/Mendeley Desktop/Kriest et al. - 2020 - One size fits all Calibrating an ocean biogeochemistry model for different circulations.pdf:pdf},
issn = {1726-4189},
journal = {Biogeosciences},
month = {jun},
number = {12},
pages = {3057--3082},
title = {{One size fits all? Calibrating an ocean biogeochemistry model for different circulations}},
url = {https://www.biogeosciences.net/17/3057/2020/},
volume = {17},
year = {2020}
}

@article{Kvale15,
  title={Explicit planktic calcifiers in the university of victoria earth system climate model, version 2.9},
  author={Kvale, Karin Frances and Meissner, KJ and Keller, DP and Eby, M and Schmittner, A},
  journal={Atmosphere-Ocean},
  volume={53},
  number={3},
  pages={332--350},
  year={2015},
  publisher={Taylor \& Francis}
}

@article{Lovenduski16,
  title={Partitioning uncertainty in ocean carbon uptake projections: Internal variability, emission scenario, and model structure},
  author={Lovenduski, Nicole S and McKinley, Galen A and Fay, Amanda R and Lindsay, Keith and Long, Matthew C},
  journal={Global Biogeochemical Cycles},
  volume={30},
  number={9},
  pages={1276--1287},
  year={2016},
  publisher={Wiley Online Library}
}

@article{Meinshausen11,
  title={The RCP greenhouse gas concentrations and their extensions from 1765 to 2300},
  author={Meinshausen, Malte and Smith, Steven J and Calvin, K and Daniel, John S and Kainuma, MLT and Lamarque, Jean-Francois and Matsumoto, Km and Montzka, SA and Raper, SCB and Riahi, K and others},
  journal={Climatic change},
  volume={109},
  number={1-2},
  pages={213},
  year={2011},
  publisher={Springer}
}

@article{Muglia17,
  title={Combined effects of atmospheric and seafloor iron fluxes to the glacial ocean},
  author={Muglia, Juan and Somes, Christopher J and Nickelsen, Levin and Schmittner, Andreas},
  journal={Paleoceanography},
  volume={32},
  number={11},
  pages={1204--1218},
  year={2017},
  publisher={Wiley Online Library}
}

@article{Nickelsen15,
  title={A dynamic marine iron cycle module coupled to the University of Victoria Earth System Model: the Kiel Marine Biogeochemical Model 2 for UVic 2.9},
  author={Nickelsen, Levin and Keller, David and Oschlies, Andreas},
  journal={Geoscientific Model Development},
  volume={8},
  pages={1357--1381},
  year={2015},
  publisher={Copernicus Publications (EGU)}
}

@article{Niemeyer19,
author = {Niemeyer, Daniela and Kriest, I. and Oschlies, Andreas},
doi = {10.5194/bg-16-3095-2019},
file = {:Users/tatsuro80/Documents/Mendeley Desktop/Niemeyer, Kriest, Oschlies - 2019 - The effect of marine aggregate parameterisations on nutrients and oxygen minimum zones in a global b.pdf:pdf},
issn = {1726-4189},
journal = {Biogeosciences},
month = {aug},
number = {15},
pages = {3095--3111},
title = {{The effect of marine aggregate parameterisations on nutrients and oxygen minimum zones in a global biogeochemical model}},
url = {https://www.biogeosciences.net/16/3095/2019/},
volume = {16},
year = {2019}
}

@article{Oschlies99,
  title={An eddy-permitting coupled physical-biological model of the North Atlantic: 1. Sensitivity to advection numerics and mixed layer physics},
  author={Oschlies, Andreas and Gar{\c{c}}on, Veronique},
  journal={Global Biogeochemical Cycles},
  volume={13},
  number={1},
  pages={135--160},
  year={1999},
  publisher={Wiley Online Library}
}

@article{Persson10,
archivePrefix = {arXiv},
arxivId = {arXiv:1011.1669v3},
author = {Persson, Jonas and Fink, Patrick and Goto, Akira and Hood, James M. and Jonas, Jayne and Kato, Satoshi},
doi = {10.1111/j.1600-0706.2009.18545.x},
eprint = {arXiv:1011.1669v3},
file = {:Users/tatsuro80/Documents/Mendeley Desktop/Persson et al. - 2010 - To be or not to be what you eat regulation of stoichiometric homeostasis among autotrophs and heterotrophs.pdf:pdf},
isbn = {1600-0706},
issn = {00301299},
journal = {Oikos},
month = {may},
number = {5},
pages = {741--751},
pmid = {16417727},
publisher = {Blackwell Publishing Ltd},
title = {{To be or not to be what you eat: Regulation of stoichiometric homeostasis among autotrophs and heterotrophs}},
url = {http://doi.wiley.com/10.1111/j.1600-0706.2009.18545.x},
volume = {119},
year = {2010}
}

@article{Schartau03,
  title={Simultaneous data-based optimization of a 1D-ecosystem model at three locations in the North Atlantic: Part I—Method and parameter estimates},
  author={Schartau, Markus and Oschlies, Andreas},
  journal={Journal of Marine Research},
  volume={61},
  number={6},
  pages={765--793},
  year={2003},
  publisher={Sears Foundation for Marine Research}
}

@article{Schmittner05,
  title={A global model of the marine ecosystem for long-term simulations: Sensitivity to ocean mixing, buoyancy forcing, particle sinking, and dissolved organic matter cycling},
  author={Schmittner, Andreas and Oschlies, Andreas and Giraud, X and Eby, M and Simmons, HL},
  journal={Global Biogeochemical Cycles},
  volume={19},
  number={3},
  year={2005},
  publisher={Wiley Online Library}
}

@article{Schmittner08,
  title={Future changes in climate, ocean circulation, ecosystems, and biogeochemical cycling simulated for a business-as-usual CO2 emission scenario until year 4000 AD},
  author={Schmittner, Andreas and Oschlies, Andreas and Matthews, H Damon and Galbraith, Eric D},
  journal={Global biogeochemical cycles},
  volume={22},
  number={1},
  year={2008},
  publisher={Wiley Online Library}
}

@article{Schmittner13,
  title={Biology and air-sea gas exchange controls on the distribution of carbon isotope ratios (delta C-13) in the ocean},
  author={Schmittner, Andreas and Gruber, Nicolas and Mix, Alan C and Key, Robert M and Tagliabue, Alessandro and Westberry, Toby K},
  journal={Biogeosciences},
  volume={10},
  number={9},
  pages={5793--5816},
  year={2013},
  publisher={Copernicus Gesellschaft Mbh}
}

@article{Schmittner16,
author = {Schmittner, A. and Somes, C. J.},
doi = {10.1002/2015PA002905},
file = {:Users/tatsuro80/Documents/Mendeley Desktop/Schmittner, Somes - 2016 - Complementary constraints from carbon ( 13 C) and nitrogen ( 15 N) isotopes on the glacial ocean's soft‐tis.pdf:pdf},
issn = {0883-8305},
journal = {Paleoceanography},
keywords = {AMOC,Last Glacial Maximum,biological pump,carbon,isotopes,nitrogen},
month = {jun},
number = {6},
pages = {669--693},
title = {{Complementary constraints from carbon ( 13 C) and nitrogen ( 15 N) isotopes on the glacial ocean's soft‐tissue biological pump}},
url = {https://onlinelibrary.wiley.com/doi/abs/10.1002/2015PA002905},
volume = {31},
year = {2016}
}

@article{Somes10gbc,
  title={Simulating the global distribution of nitrogen isotopes in the ocean},
  author={Somes, Christopher J and Schmittner, Andreas and Galbraith, Eric D and Lehmann, Moritz F and Altabet, Mark A and Montoya, Joseph P and Letelier, Ricardo M and Mix, Alan C and Bourbonnais, Annie and Eby, Michael},
  journal={Global Biogeochemical Cycles},
  volume={24},
  number={4},
  year={2010},
  publisher={Wiley Online Library}
}

@article{Somes10grl,
  title={Nitrogen isotope simulations show the importance of atmospheric iron deposition for nitrogen fixation across the Pacific Ocean},
  author={Somes, Christopher J and Schmittner, Andreas and Altabet, Mark A},
  journal={Geophysical research letters},
  volume={37},
  number={23},
  year={2010},
  publisher={Wiley Online Library}
}

@article{Somes13,
author = {Somes, C. J. and Oschlies, A. and Schmittner, A.},
journal = {Biogeosciences},
month = {sep},
number = {9},
pages = {5889--5910},
title = {{Isotopic constraints on the pre-industrial oceanic nitrogen budget}},
volume = {10},
year = {2013}
}

@article{Somes15,
  title={On the influence of “non-Redfield” dissolved organic nutrient dynamics on the spatial distribution of N2 fixation and the size of the marine fixed nitrogen inventory},
  author={Somes, Christopher J and Oschlies, Andreas},
  journal={Global Biogeochemical Cycles},
  volume={29},
  number={7},
  pages={973--993},
  year={2015},
  publisher={Wiley Online Library}
}

@article{Somes17,
  title={A three-dimensional model of the marine nitrogen cycle during the last glacial maximum constrained by sedimentary isotopes},
  author={Somes, Christopher J and Schmittner, Andreas and Muglia, Juan and Oschlies, Andreas},
  journal={Frontiers in Marine Science},
  volume={4},
  pages={108},
  year={2017},
  publisher={Frontiers}
}

@article{Tanioka20,
author = {Tanioka, Tatsuro and Matsumoto, Katsumi},
doi = {10.5194/bg-17-2939-2020},
file = {:Users/tatsuro80/Documents/Mendeley Desktop/Tanioka, Matsumoto - 2020 - A meta-analysis on environmental drivers of marine phytoplankton C N P.pdf:pdf;:Users/tatsuro80/Documents/Mendeley Desktop/Tanioka, Matsumoto - 2020 - A meta-analysis on environmental drivers of marine phytoplankton C N P(2).pdf:pdf},
issn = {1726-4189},
journal = {Biogeosciences},
month = {jun},
number = {11},
pages = {2939--2954},
title = {{A meta-analysis on environmental drivers of marine phytoplankton C : N : P}},
url = {https://www.biogeosciences.net/17/2939/2020/},
volume = {17},
year = {2020}
}

@article{Woolf19,
  title={Key uncertainties in the recent air-sea flux of CO2},
  author={Woolf, David Kevin and Shutler, Jamie D and Goddijn-Murphy, Lonneke and Watson, AJ and Chapron, Bertrand and Nightingale, Philip D and Donlon, Craig J and Piskozub, J and Yelland, MJ and Ashton, Ian and others},
  journal={Global Biogeochemical Cycles},
  volume={33},
  number={12},
  pages={1548--1563},
  year={2019},
  publisher={Wiley Online Library}
}

@article{Yamamoto15,
  title={Global deep ocean oxygenation by enhanced ventilation in the Southern Ocean under long-term global warming},
  author={Yamamoto, A and Abe-Ouchi, A and Shigemitsu, M and Oka, A and Takahashi, K and Ohgaito, R and Yamanaka, Y},
  journal={Global Biogeochemical Cycles},
  volume={29},
  number={10},
  pages={1801--1815},
  year={2015},
  publisher={Wiley Online Library}
}
